<?xml version="1.0" encoding="UTF-8"?>
<record xmlns="http://www.loc.gov/MARC21/slim" xmlns:xsi="http://www.w3.org/2001/XMLSchema-instance" xsi:schemaLocation="http://www.loc.gov/MARC21/slim http://www.loc.gov/standards/marcxml/schema/MARC21slim.xsd">
<leader>00000cam a22      a 4500</leader>
<controlfield tag="001">001680087</controlfield>
<controlfield tag="003">NNU</controlfield>
<controlfield tag="005">20141201175155.0</controlfield>
<controlfield tag="008">920723s1955    ir a     b    000 0 ara d</controlfield>
<datafield tag="010" ind1=" " ind2=" ">
<subfield code="a">   74225933</subfield>
</datafield>
<datafield tag="035" ind1=" " ind2=" ">
<subfield code="a">(OCoLC)26243710</subfield>
<subfield code="z">(OCoLC)224168793</subfield>
</datafield>
<datafield tag="040" ind1=" " ind2=" ">
<subfield code="a">Recon MBB</subfield>
<subfield code="b">eng</subfield>
<subfield code="c">MBB</subfield>
<subfield code="d">OCL</subfield>
<subfield code="d">CUY</subfield>
<subfield code="d">UTO</subfield>
<subfield code="d">OCLCF</subfield>
<subfield code="d">OCLCQ</subfield>
<subfield code="d">NNU</subfield>
</datafield>
<datafield tag="050" ind1=" " ind2="4">
<subfield code="a">BP166</subfield>
<subfield code="b">.S286</subfield>
</datafield>
<datafield tag="100" ind1="1" ind2=" ">
<subfield code="6">880-01</subfield>
<subfield code="a">Ṣāḥib al-Tālqānī, Abū al-Qāsim Ismāʻīl ibn ʻAbbad,</subfield>
<subfield code="d">936-995.</subfield>
</datafield>
<datafield tag="245" ind1="1" ind2="0">
<subfield code="6">880-02</subfield>
<subfield code="a">Risālah fī al-hidāyah wa-al-ḍalālah /</subfield>
<subfield code="c">tāʼlīf al-Ṣāḥib ibn ʻAbbād ; Ḥusayn ʻAlī Maḥfūẓ.</subfield>
</datafield>
<datafield tag="260" ind1=" " ind2=" ">
<subfield code="6">880-03</subfield>
<subfield code="a">Ṭihrān :</subfield>
<subfield code="b">Maṭbuʻat al-Ḥaydrī,</subfield>
<subfield code="c">1374 [1955]</subfield>
</datafield>
<datafield tag="300" ind1=" " ind2=" ">
<subfield code="a">54 pages :</subfield>
<subfield code="b">illustrations ;</subfield>
<subfield code="c">24 cm</subfield>
</datafield>
<datafield tag="336" ind1=" " ind2=" ">
<subfield code="a">text</subfield>
<subfield code="b">txt</subfield>
<subfield code="2">rdacontent</subfield>
</datafield>
<datafield tag="337" ind1=" " ind2=" ">
<subfield code="a">unmediated</subfield>
<subfield code="b">n</subfield>
<subfield code="2">rdamedia</subfield>
</datafield>
<datafield tag="338" ind1=" " ind2=" ">
<subfield code="a">volume</subfield>
<subfield code="b">nc</subfield>
<subfield code="2">rdacarrier</subfield>
</datafield>
<datafield tag="490" ind1="0" ind2=" ">
<subfield code="6">880-04</subfield>
<subfield code="a">[Intishārāt Anjuman Farhangī-i Mihr ;</subfield>
<subfield code="v">dawrah-i 2, 1]</subfield>
</datafield>
<datafield tag="500" ind1=" " ind2=" ">
<subfield code="a">Added t.p. in English.</subfield>
</datafield>
<datafield tag="504" ind1=" " ind2=" ">
<subfield code="a">Includes bibliographical references.</subfield>
</datafield>
<datafield tag="650" ind1=" " ind2="0">
<subfield code="a">Islam</subfield>
<subfield code="x">Doctrines</subfield>
<subfield code="v">Early works to 1800.</subfield>
</datafield>
<datafield tag="650" ind1=" " ind2="7">
<subfield code="a">Islam</subfield>
<subfield code="x">Doctrines.</subfield>
<subfield code="2">fast</subfield>
<subfield code="0">(OCoLC)fst00979787</subfield>
</datafield>
<datafield tag="655" ind1=" " ind2="7">
<subfield code="a">Early works.</subfield>
<subfield code="2">fast</subfield>
<subfield code="0">(OCoLC)fst01411636</subfield>
</datafield>
<datafield tag="700" ind1="1" ind2=" ">
<subfield code="6">880-05</subfield>
<subfield code="a">Maḥfūẓ, Ḥusayn ʻAlī.</subfield>
</datafield>
<datafield tag="776" ind1="0" ind2="8">
<subfield code="i">Online version:</subfield>
<subfield code="a">Sāhib al-Tālqānī, Abū al-Qāsim Ismaʻl̄ ibn ʻAbbad, 936-995.</subfield>
<subfield code="t">Risālah fī al-hidāyah wa-al-ḍalālah.</subfield>
<subfield code="d">Ṭihrān : Maṭbuʻat al-Ḥaydrī, 1374 [1955]</subfield>
<subfield code="w">(OCoLC)702561334</subfield>
</datafield>
<datafield tag="880" ind1="1" ind2=" ">
<subfield code="6">100-01/</subfield>
<subfield code="a">صاحب التالقاني، ابو القاسم اسماعيل بن عباد،</subfield>
<subfield code="d">936-995.</subfield>
</datafield>
<datafield tag="880" ind1="1" ind2="0">
<subfield code="6">245-02/</subfield>
<subfield code="a">رسالة في الهداية والضلالة /</subfield>
<subfield code="c">تأليف الصاحب بن عباد ؛ حسين علي محفوظ.</subfield>
</datafield>
<datafield tag="880" ind1=" " ind2=" ">
<subfield code="6">260-03/</subfield>
<subfield code="a">طهران :</subfield>
<subfield code="b">مطبعة الحيدري،</subfield>
<subfield code="c">1374 [1955]</subfield>
</datafield>
<datafield tag="880" ind1="0" ind2=" ">
<subfield code="6">490-04/</subfield>
<subfield code="a">[انتشارات انجمن فرهنگى مهر ؛</subfield>
<subfield code="v">دوره 2، 1]</subfield>
</datafield>
<datafield tag="880" ind1="1" ind2=" ">
<subfield code="6">700-05/</subfield>
<subfield code="a">محفوظ، حسين علي.</subfield>
</datafield>
<datafield tag="OWN" ind1=" " ind2=" ">
<subfield code="a">GENERAL</subfield>
</datafield>
<datafield tag="AVA" ind1=" " ind2=" ">
<subfield code="a">NYU50</subfield>
<subfield code="b">BOBST</subfield>
<subfield code="c">Main Collection</subfield>
<subfield code="d">PJ7750.S26 R5</subfield>
<subfield code="e">unavailable</subfield>
<subfield code="t">Unavailable</subfield>
<subfield code="f">1</subfield>
<subfield code="g">1</subfield>
<subfield code="h">N</subfield>
<subfield code="i">0</subfield>
<subfield code="j">MAIN</subfield>
<subfield code="k">0</subfield>
</datafield>
</record>
